
@article{DBLP:journals/jsat/IgnatievMM19,
  author    = {Alexey Ignatiev and
               Ant{\'{o}}nio Morgado and
               Jo{\~{a}}o Marques{-}Silva},
  title     = {{RC2:} an Efficient {MaxSAT} Solver},
  journal   = {J. Satisf. Boolean Model. Comput.},
  volume    = {11},
  number    = {1},
  pages     = {53--64},
  year      = {2019},
  _url       = {https://doi.org/10.3233/SAT190116},
  _doi       = {10.3233/SAT190116},
  timestamp = {Wed, 26 Feb 2020 10:37:04 +0100},
  biburl    = {https://dblp.org/rec/journals/jsat/IgnatievMM19.bib},
  bibsource = {dblp computer science bibliography, https://dblp.org}
}

@inproceedings{DBLP:conf/cmsb/TrinhBHS22,
  author    = {Van{-}Giang Trinh and
               Belaid Benhamou and
               Kunihiko Hiraishi and
               Sylvain Soliman},
  _editor    = {Ion Petre and
               Andrei Paun},
  title     = {Minimal Trap Spaces of Logical Models are Maximal Siphons of Their
               {Petri} Net Encoding},
  booktitle = {International Conference on Computational Methods in Systems Biology},
  _series    = {Lecture Notes in Computer Science},
  _volume    = {13447},
  pages     = {158--176},
  publisher = {Springer},
  year      = {2022},
  _url       = {https://doi.org/10.1007/978-3-031-15034-0\_8},
  _doi       = {10.1007/978-3-031-15034-0\_8},
  timestamp = {Thu, 25 Aug 2022 08:35:35 +0200},
  biburl    = {https://dblp.org/rec/conf/cmsb/TrinhBHS22.bib},
  bibsource = {dblp computer science bibliography, https://dblp.org}
}

@article{guberman2020boolean,
  title={Boolean model of anchorage dependence and contact inhibition points to coordinated inhibition but semi-independent induction of proliferation and migration},
  author={Guberman, Eric and Sherief, Hikmet and Regan, Erzs{\'e}bet Ravasz},
  journal={Comput. Struct. Biotechnol. J.},
  volume={18},
  pages={2145--2165},
  year={2020},
  _doi={10.1016/j.csbj.2020.07.016},
  publisher={Elsevier}
}

@article{kim2011reduction,
  title={Reduction of complex signaling networks to a representative kernel},
  author={Kim, Jeong-Rae and Kim, Junil and Kwon, Yung-Keun and Lee, Hwang-Yeol and Heslop-Harrison, Pat and Cho, Kwang-Hyun},
  journal={Sci. Signal.},
  volume={4},
  number={175},
  pages={ra35--ra35},
  year={2011},
  _doi={10.1126/scisignal.2001390},
  publisher={American Association for the Advancement of Science}
}

@article{hernandez2020computational,
  title={Computational verification of large logical modelsâ€”{Application} to the prediction of {T} cell response to checkpoint inhibitors},
  author={Hernandez, C{\'e}line and Thomas-Chollier, Morgane and Naldi, Aur{\'e}lien and Thieffry, Denis},
  journal={Front. Physiol.},
  VOLUME={11},
  pages={558606},
  year={2020},
  _doi={10.3389/fphys.2020.558606},
  publisher={Frontiers}
}

@article{corral2021interplay,
  title={Interplay between {SMAD2} and {STAT5A} is a critical determinant of {IL-17A/IL-17F} differential expression},
  author={Corral-Jara, Karla Fabiola and Chauvin, Camille and Abou-Jaoud{\'e}, Wassim and Grandclaudon, Maximilien and Naldi, Aur{\'e}lien and Soumelis, Vassili and Thieffry, Denis},
  journal={Mol. Biomed.},
  volume={2},
  number={1},
  pages={1--16},
  year={2021},
  _doi={10.1186/s43556-021-00034-3},
  publisher={Springer}
}

@article{DBLP:journals/bmcsb/Kwon16,
  author    = {Yung{-}Keun Kwon},
  title     = {Properties of {Boolean} dynamics by node classification using feedback
               loops in a network},
  journal   = {{BMC} Syst. Biol.},
  volume    = {10},
  pages     = {83},
  year      = {2016},
  _url       = {https://doi.org/10.1186/s12918-016-0322-z},
  _doi       = {10.1186/s12918-016-0322-z},
  timestamp = {Tue, 05 May 2020 11:23:31 +0200},
  biburl    = {https://dblp.org/rec/journals/bmcsb/Kwon16.bib},
  bibsource = {dblp computer science bibliography, https://dblp.org}
}

@article{rodriguez2019cooperation,
  title={Cooperation between {T} cell receptor and {Toll-like} receptor 5 signaling for {CD4+ T} cell activation},
  author={Rodr{\'\i}guez-Jorge, Otoniel and Kempis-Calanis, Linda A and Abou-Jaoud{\'e}, Wassim and Guti{\'e}rrez-Reyna, Darely Y and Hernandez, C{\'e}line and Ramirez-Pliego, Oscar and Thomas-Chollier, Morgane and Spicuglia, Salvatore and Santana, Maria A and Thieffry, Denis},
  journal={Sci. Signal.},
  volume={12},
  number={577},
  pages={eaar3641},
  year={2019},
  _doi={10.1126/scisignal.aar3641},
  publisher={American Association for the Advancement of Science}
}

@article{lee2019signal,
  title={Signal flow control of complex signaling networks},
  author={Lee, Daewon and Cho, Kwang-Hyun},
  journal={Sci. Rep.},
  volume={9},
  number={1},
  pages={1--18},
  year={2019},
  _doi={10.1038/s41598-019-50790-0},
  publisher={Nature Publishing Group}
}

@article{helikar2013comprehensive,
  title={A comprehensive, multi-scale dynamical model of {ErbB} receptor signal transduction in human mammary epithelial cells},
  author={Helikar, Tom{\'a}{\v{s}} and Kochi, Naomi and Kowal, Bryan and Dimri, Manjari and Naramura, Mayumi and Raja, Srikumar M and Band, Vimla and Band, Hamid and Rogers, Jim A},
  journal={PloS One},
  volume={8},
  number={4},
  pages={e61757},
  year={2013},
  _doi={10.1371/journal.pone.0061757},
  publisher={Public Library of Science San Francisco, USA}
}

@article{ostaszewski2021covid19,
  title={{COVID19 Disease Map}, a computational knowledge repository of virus--host interaction mechanisms},
  author={Ostaszewski, Marek and Niarakis, Anna and Mazein, Alexander and Kuperstein, Inna and Phair, Robert and Orta-Resendiz, Aurelio and Singh, Vidisha and Aghamiri, Sara Sadat and Acencio, Marcio Luis and Glaab, Enrico and others},
  journal={Mol. Syst. Biol.},
  volume={17},
  number={10},
  pages={e10387},
  _doi={10.15252/msb.202110387},
  year={2021}
}

@article{helikar2008emergent,
  title={Emergent decision-making in biological signal transduction networks},
  author={Helikar, Tom{\'a}{\v{s}} and Konvalina, John and Heidel, Jack and Rogers, Jim A},
  journal={Proceedings of the National Academy of Sciences},
  volume={105},
  number={6},
  pages={1913--1918},
  year={2008},
  _doi={10.1073/pnas.0705088105},
  publisher={National Acad Sciences}
}

@article{Montagud2021,
  year = {2021},
  _url       = {https://doi.org/10.1101/2021.07.28.454126},
  _doi       = {10.1101/2021.07.28.454126},
  month = jul,
  journal={bioRxiv},
  publisher = {Cold Spring Harbor Laboratory},
  author = {Arnau Montagud and Jonas B{\'{e}}al and Luis Tobalina and Pauline Traynard and Vigneshwari Subramanian and Bence Szalai and R{\'{o}}bert Alf\"{o}ldi and L{\'{a}}szl{\'{o}} Pusk{\'{a}}s and Alfonso Valencia and Emmanuel Barillot and Julio Saez-Rodriguez and Laurence Calzone},
  title = {Patient-specific {Boolean} models of signaling networks guide personalized treatments}
}

@article{Tsirvouli2020,
  year = {2020},
  _url       = {https://doi.org/10.3389/fmolb.2020.502573},
  _doi       = {10.3389/fmolb.2020.502573},
  month = oct,
  publisher = {Frontiers Media {SA}},
  volume = {7},
  author = {Eirini Tsirvouli and Vasundra Tour{\'{e}} and Barbara Niederdorfer and Miguel V{\'{a}}zquez and {\AA}smund Flobak and Martin Kuiper},
  title = {A Middle-Out Modeling Strategy to Extend a Colon Cancer Logical Model Improves Drug Synergy Predictions in Epithelial-Derived Cancer Cell Lines},
  journal = {Front. Mol. Biosci.}
}

@article{DBLP:journals/bmcsb/HelikarKMBRMWSLR12,
  author    = {Tom{\'{a}}s Helikar and
               Bryan M. Kowal and
               Sean McClenathan and
               Mitchell Bruckner and
               others},
  title     = {{The Cell Collective}: Toward an open and collaborative approach to
               systems biology},
  journal   = {{BMC} Syst. Biol.},
  volume    = {6},
  pages     = {96},
  year      = {2012},
  _url       = {https://doi.org/10.1186/1752-0509-6-96},
  _doi       = {10.1186/1752-0509-6-96},
  timestamp = {Tue, 05 May 2020 11:23:28 +0200},
  biburl    = {https://dblp.org/rec/journals/bmcsb/HelikarKMBRMWSLR12.bib},
  bibsource = {dblp computer science bibliography, https://dblp.org}
}

@article{DBLP:journals/aicom/GebserKKOSS11,
  author    = {Martin Gebser and
               Benjamin Kaufmann and
               Roland Kaminski and
               Max Ostrowski and
               Torsten Schaub and
               Marius Schneider},
  title     = {Potassco: The {Potsdam} Answer Set Solving Collection},
  journal   = {{AI} Commun.},
  volume    = {24},
  number    = {2},
  pages     = {107--124},
  year      = {2011},
  _url       = {https://doi.org/10.3233/AIC-2011-0491},
  _doi       = {10.3233/AIC-2011-0491},
  timestamp = {Fri, 09 Apr 2021 18:26:42 +0200},
  biburl    = {https://dblp.org/rec/journals/aicom/GebserKKOSS11.bib},
  bibsource = {dblp computer science bibliography, https://dblp.org}
}

@article{DBLP:journals/isci/LiuB16,
  author    = {GaiYun Liu and
               Kamel Barkaoui},
  title     = {A survey of siphons in {Petri} nets},
  journal   = {Inf. Sci.},
  volume    = {363},
  pages     = {198--220},
  year      = {2016},
  _url       = {https://doi.org/10.1016/j.ins.2015.08.037},
  _doi       = {10.1016/j.ins.2015.08.037},
  timestamp = {Sun, 25 Jul 2021 11:38:12 +0200},
  biburl    = {https://dblp.org/rec/journals/isci/LiuB16.bib},
  bibsource = {dblp computer science bibliography, https://dblp.org}
}

@article{klarner2015computing,
  author    = {Hannes Klarner and
               Alexander Bockmayr and
               Heike Siebert},
  title     = {Computing maximal and minimal trap spaces of {Boolean} networks},
  journal   = {Nat. Comput.},
  volume    = {14},
  number    = {4},
  pages     = {535--544},
  year      = {2015},
  _url       = {https://doi.org/10.1007/s11047-015-9520-7},
  _doi       = {10.1007/s11047-015-9520-7},
  timestamp = {Thu, 02 Apr 2020 08:34:36 +0200},
  biburl    = {https://dblp.org/rec/journals/nc/KlarnerBS15.bib},
  bibsource = {dblp computer science bibliography, https://dblp.org}
}

@article{Steggles2006,
	_doi = {10.1093/bioinformatics/btl596},
	_url = {https://doi.org/10.1093/bioinformatics/btl596},
	year = {2006},
	month = nov,
	publisher = {Oxford University Press ({OUP})},
	volume = {23},
	number = {3},
	pages = {336--343},
	author = {L. J. Steggles and R. Banks and O. Shaw and A. Wipat},
	title = {Qualitatively modelling and analysing genetic regulatory networks: a {Petri} net approach},
	journal = {Bioinform.}
}

@article{klarner2017pyboolnet,
  author    = {Hannes Klarner and
               Adam Streck and
               Heike Siebert},
  title     = {{PyBoolNet}: a python package for the generation, analysis and visualization
               of {Boolean} networks},
  journal   = {Bioinform.},
  volume    = {33},
  number    = {5},
  pages     = {770--772},
  year      = {2017},
  _url       = {https://doi.org/10.1093/bioinformatics/btw682},
  _doi       = {10.1093/bioinformatics/btw682},
  timestamp = {Mon, 02 Mar 2020 16:24:49 +0100},
  biburl    = {https://dblp.org/rec/journals/bioinformatics/KlarnerSS17.bib},
  bibsource = {dblp computer science bibliography, https://dblp.org}
}

@article{aghamiri2020automated,
  author    = {Sara Sadat Aghamiri and
               Vidisha Singh and
               Aur{\'{e}}lien Naldi and
               Tom{\'{a}}s Helikar and
               Sylvain Soliman and
               Anna Niarakis and
               Jinbo Xu},
  title     = {Automated inference of {Boolean} models from molecular interaction maps
               using {CaSQ}},
  journal   = {Bioinform.},
  volume    = {36},
  number    = {16},
  pages     = {4473--4482},
  year      = {2020},
  _url       = {https://doi.org/10.1093/bioinformatics/btaa484},
  _doi       = {10.1093/bioinformatics/btaa484},
  timestamp = {Sat, 25 Dec 2021 15:49:46 +0100},
  biburl    = {https://dblp.org/rec/journals/bioinformatics/AghamiriSNHSNX20.bib},
  bibsource = {dblp computer science bibliography, https://dblp.org}
}

@article{kim2013rmod,
  title={{RMOD}: A Tool for Regulatory Motif Detection in Signaling Network},
  author={Kim, Jinki and Yi, Gwan-Su},
  journal={PloS One},
  volume={8},
  number={7},
  pages={e68407},
  year={2013},
  _url       = {https://doi.org/10.1371/journal.pone.0068407},
  _doi       = {10.1371/journal.pone.0068407},
  publisher={Public Library of Science San Francisco, USA}
}

@article{puniya2020comprehensive,
  title={A comprehensive logic-based model of the human immune system to study the dynamics responses to mono-and coinfections},
  author={Puniya, Bhanwar Lal and Moore, Robert and Mohammed, Akram and Amin, Rada and La Fleur, Alyssa and Helikar, Tom{\'a}{\v{s}}},
  journal={bioRxiv},
  year={2020},
  _doi       = {10.1101/2020.03.11.988238},
  publisher={Cold Spring Harbor Laboratory}
}

@article{balbas2018systems,
  title={A systems pharmacology model for inflammatory bowel disease},
  author={Balbas-Martinez, Violeta and Ruiz-Cerd{\'a}, Leire and Irurzun-Arana, Itziar and Gonz{\'a}lez-Garc{\'\i}a, Ignacio and Vermeulen, An and G{\'o}mez-Mantilla, Jos{\'e} David and Troc{\'o}niz, I{\~n}aki F},
  journal={PloS One},
  volume={13},
  number={3},
  pages={e0192949},
  year={2018},
  publisher={Public Library of Science San Francisco, CA USA}
}

@article{tsirvouli2020middle,
  title={A middle-out modeling strategy to extend a colon cancer logical model improves drug synergy predictions in epithelial-derived cancer cell lines},
  author={Tsirvouli, Eirini and Tour{\'e}, Vasundra and Niederdorfer, Barbara and V{\'a}zquez, Miguel and Flobak, {\AA}smund and Kuiper, Martin},
  journal={Front. Mol. Biosci.},
  volume={7},
  pages={300},
  year={2020},
  _doi       = {10.3389/fmolb.2020.502573},
  publisher={Frontiers}
}

@inproceedings{chatain2014characterization,
  author    = {Thomas Chatain and
               Stefan Haar and
               Lo{\"{\i}}g Jezequel and
               Lo{\"{\i}}c Paulev{\'{e}} and
               Stefan Schwoon},
  _editor    = {Pedro Mendes and
               Joseph O. Dada and
               Kieran Smallbone},
  title     = {Characterization of Reachable Attractors Using {Petri} Net Unfoldings},
  booktitle = {International Conference on Computational Methods in Systems Biology},
  _series    = {Lecture Notes in Computer Science},
  _volume    = {8859},
  pages     = {129--142},
  publisher = {Springer},
  year      = {2014},
  _url       = {https://doi.org/10.1007/978-3-319-12982-2\_10},
  _doi       = {10.1007/978-3-319-12982-2\_10},
  timestamp = {Sat, 09 Apr 2022 12:36:34 +0200},
  biburl    = {https://dblp.org/rec/conf/cmsb/ChatainHJPS14.bib},
  bibsource = {dblp computer science bibliography, https://dblp.org}
}

@inproceedings{cifuentes2020control,
  author    = {Laura Cifuentes Fontanals and
               Elisa Tonello and
               Heike Siebert},
  _editor    = {Alessandro Abate and
               Tatjana Petrov and
               Verena Wolf},
  title     = {Control Strategy Identification via Trap Spaces in {Boolean} Networks},
  booktitle = {International Conference on Computational Methods in Systems Biology},
  _series    = {Lecture Notes in Computer Science},
  _volume    = {12314},
  pages     = {159--175},
  publisher = {Springer},
  year      = {2020},
  _url       = {https://doi.org/10.1007/978-3-030-60327-4\_9},
  _doi       = {10.1007/978-3-030-60327-4\_9},
  timestamp = {Thu, 01 Oct 2020 13:40:29 +0200},
  biburl    = {https://dblp.org/rec/conf/cmsb/FontanalsTS20.bib},
  bibsource = {dblp computer science bibliography, https://dblp.org}
}

@article{mizera2018taming,
  author    = {Andrzej Mizera and
               Jun Pang and
               Hongyang Qu and
               Qixia Yuan},
  title     = {Taming Asynchrony for Attractor Detection in Large {Boolean} Networks},
  journal   = {{IEEE} {ACM} Trans. Comput. Biol. Bioinform.},
  volume    = {16},
  number    = {1},
  pages     = {31--42},
  year      = {2019},
  _url       = {https://doi.org/10.1109/TCBB.2018.2850901},
  _doi       = {10.1109/TCBB.2018.2850901},
  timestamp = {Sun, 06 Sep 2020 16:55:41 +0200},
  biburl    = {https://dblp.org/rec/journals/tcbb/MizeraP0Y19.bib},
  bibsource = {dblp computer science bibliography, https://dblp.org}
}

@article{chaouiya2013sbml,
  author    = {Claudine Chaouiya and
               Duncan B{\'{e}}renguier and
               Sarah M. Keating and
               Aur{\'{e}}lien Naldi and others},
  title     = {{SBML} qualitative models: a model representation format and infrastructure
               to foster interactions between qualitative modelling formalisms and
               tools},
  journal   = {{BMC} Syst. Biol.},
  volume={7},
  number={1},
  pages={1--15},
  year      = {2013},
  _url       = {https://doi.org/10.1186/1752-0509-7-135},
  _doi       = {10.1186/1752-0509-7-135},
  timestamp = {Tue, 29 Dec 2020 18:20:16 +0100},
  biburl    = {https://dblp.org/rec/journals/bmcsb/ChaouiyaBKNIRDBCKWGDPMKXJHKTNSH13.bib},
  bibsource = {dblp computer science bibliography, https://dblp.org}
}

@incollection{chaouiya2012logical,
  title={Logical modelling of gene regulatory networks with {GINsim}},
  author={Chaouiya, Claudine and Naldi, Aur{\'e}lien and Thieffry, Denis},
  booktitle={Bacterial Molecular Networks},
  pages={463--479},
  year={2012},
  _doi       = {10.1007/978-1-61779-361-5_23},
  publisher={Springer}
}

@article{mussel2010boolnet,
  author    = {Christoph M{\"{u}}ssel and
               Martin Hopfensitz and
               Hans A. Kestler},
  title     = {{BoolNet} - an {R} package for generation, reconstruction and analysis
               of {Boolean} networks},
  journal   = {Bioinform.},
  volume    = {26},
  number    = {10},
  pages     = {1378--1380},
  year      = {2010},
  _url       = {https://doi.org/10.1093/bioinformatics/btq124},
  _doi       = {10.1093/bioinformatics/btq124},
  timestamp = {Mon, 02 Mar 2020 16:27:20 +0100},
  biburl    = {https://dblp.org/rec/journals/bioinformatics/MusselHK10.bib},
  bibsource = {dblp computer science bibliography, https://dblp.org}
}

@article{chaouiya2011petri,
  author    = {Claudine Chaouiya and
               Aur{\'{e}}lien Naldi and
               Elisabeth Remy and
               Denis Thieffry},
  title     = {{Petri} net representation of multi-valued logical regulatory graphs},
  journal   = {Nat. Comput.},
  volume    = {10},
  number    = {2},
  pages     = {727--750},
  year      = {2011},
  _url       = {https://doi.org/10.1007/s11047-010-9178-0},
  _doi       = {10.1007/s11047-010-9178-0},
  timestamp = {Thu, 02 Apr 2020 08:34:43 +0200},
  biburl    = {https://dblp.org/rec/journals/nc/ChaouiyaNRT11.bib},
  bibsource = {dblp computer science bibliography, https://dblp.org}
}

@inproceedings{chaouiya2004qualitative,
  author    = {Claudine Chaouiya and
               Elisabeth Remy and
               Paul Ruet and
               Denis Thieffry},
  _editor    = {Jordi Cortadella and
               Wolfgang Reisig},
  title     = {Qualitative Modelling of Genetic Networks: From Logical Regulatory
               Graphs to Standard {Petri} Nets},
  booktitle = {International Conference on Applications and Theory of Petri Nets},
  _series    = {Lecture Notes in Computer Science},
  _volume    = {3099},
  pages     = {137--156},
  publisher = {Springer},
  year      = {2004},
  _url       = {https://doi.org/10.1007/978-3-540-27793-4\_9},
  _doi       = {10.1007/978-3-540-27793-4\_9},
  timestamp = {Tue, 14 May 2019 10:00:45 +0200},
  biburl    = {https://dblp.org/rec/conf/apn/ChaouiyaRRT04.bib},
  bibsource = {dblp computer science bibliography, https://dblp.org}
}

@inproceedings{degrand2020graphical,
  author    = {Elisabeth Degrand and
               Fran{\c{c}}ois Fages and
               Sylvain Soliman},
  _editor    = {Alessandro Abate and
               Tatjana Petrov and
               Verena Wolf},
  title     = {Graphical Conditions for Rate Independence in Chemical Reaction Networks},
  booktitle = {International Conference on Computational Methods in Systems Biology},
  _series    = {Lecture Notes in Computer Science},
  _volume    = {12314},
  pages     = {61--78},
  publisher = {Springer},
  year      = {2020},
  _url       = {https://doi.org/10.1007/978-3-030-60327-4\_4},
  _doi       = {10.1007/978-3-030-60327-4\_4},
  timestamp = {Thu, 01 Oct 2020 13:40:29 +0200},
  biburl    = {https://dblp.org/rec/conf/cmsb/DegrandFS20.bib},
  bibsource = {dblp computer science bibliography, https://dblp.org}
}

@article{angeli2011persistence,
  author    = {David Angeli and
               Patrick De Leenheer and
               Eduardo D. Sontag},
  title     = {Persistence Results for Chemical Reaction Networks with Time-Dependent
               Kinetics and No Global Conservation Laws},
  journal   = {{SIAM} J. Appl. Math.},
  volume    = {71},
  number    = {1},
  pages     = {128--146},
  year      = {2011},
  _url       = {https://doi.org/10.1137/090779401},
  _doi       = {10.1137/090779401},
  timestamp = {Wed, 20 May 2020 16:27:14 +0200},
  biburl    = {https://dblp.org/rec/journals/siamam/AngeliLS11.bib},
  bibsource = {dblp computer science bibliography, https://dblp.org}
}

@incollection{angeli2007petri,
  title={A {Petri} net approach to persistence analysis in chemical reaction networks},
  author={Angeli, David and Leenheer, Patrick De and Sontag, Eduardo},
  booktitle={Biology and Control Theory: Current Challenges},
  pages={181--216},
  year={2007},
  _doi       = {10.1007/978-3-540-71988-5_9},
  publisher={Springer}
}

@book{peterson1981petri,
  title={{Petri} net theory and the modeling of systems},
  author={Peterson, James Lyle},
  year={1981},
  publisher={Prentice Hall PTR}
}

@article{Murata1989,
  _doi = {10.1109/5.24143},
  _url = {https://doi.org/10.1109/5.24143},
  year = {1989},
  month = apr,
  publisher = {Institute of Electrical and Electronics Engineers ({IEEE})},
  volume = {77},
  number = {4},
  pages = {541--580},
  author = {T. Murata},
  title = {{Petri} nets: Properties,  analysis and applications},
  journal = {Proc. {IEEE}}
}

@article{keating2020sbml,
  title={{SBML Level 3}: an extensible format for the exchange and reuse of biological models},
  author={Keating, Sarah M and Waltemath, Dagmar and K{\"o}nig, Matthias and Zhang, Fengkai and others},
  journal={Mol. Syst. Biol.},
  volume={16},
  number={8},
  pages={e9110},
  _doi = {10.15252/msb.20199110},
  year={2020}
}

@article{glass1973logical,
  title={The logical analysis of continuous, non-linear biochemical control networks},
  author={Glass, Leon and Kauffman, Stuart A},
  journal={J. Theor. Biol.},
  volume={39},
  number={1},
  pages={103--129},
  year={1973},
  _doi = {10.1016/0022-5193(73)90208-7},
  publisher={Elsevier}
}

@article{thomas1973boolean,
  title={{Boolean} formalisation of genetic control circuits},
  author={Thomas, Ren{\'e}},
  journal={J. Theor. Biol.},
  volume={42},
  pages={565--583},
  _doi = {10.1016/0022-5193(73)90247-6},
  year={1973}
}

@book{thomas1990biological,
  title={Biological feedback},
  author={Thomas, Ren{\'e} and d'Ari, Richard},
  year={1990},
  publisher={CRC press}
}

@article{nabli2016enumerating,
  author    = {Faten Nabli and
               Thierry Martinez and
               Fran{\c{c}}ois Fages and
               Sylvain Soliman},
  title     = {On enumerating minimal siphons in {Petri} nets using {CLP} and {SAT}
               solvers: theoretical and practical complexity},
  journal   = {Constraints An Int. J.},
  volume    = {21},
  number    = {2},
  pages     = {251--276},
  year      = {2016},
  _url       = {https://doi.org/10.1007/s10601-015-9190-1},
  _doi       = {10.1007/s10601-015-9190-1},
  timestamp = {Fri, 13 Mar 2020 10:58:25 +0100},
  biburl    = {https://dblp.org/rec/journals/constraints/NabliMFS16.bib},
  bibsource = {dblp computer science bibliography, https://dblp.org}
}

@inproceedings{reddy1993petri,
  author    = {Venkatramana N. Reddy and
               Michael L. Mavrovouniotis and
               Michael N. Liebman},
  _editor    = {Lawrence Hunter and
               David B. Searls and
               Jude W. Shavlik},
  title     = {{Petri} Net Representations in Metabolic Pathways},
  booktitle = {International Conference on Intelligent Systems
               for Molecular Biology},
  pages     = {328--336},
  publisher = {{AAAI}},
  year      = {1993},
  _url       = {http://www.aaai.org/Library/ISMB/1993/ismb93-038.php},
  timestamp = {Thu, 13 Dec 2012 14:15:16 +0100},
  biburl    = {https://dblp.org/rec/conf/ismb/ReddyML93.bib},
  bibsource = {dblp computer science bibliography, https://dblp.org}
}

@article{thomas1991regulatory,
  title={Regulatory networks seen as asynchronous automata: a logical description},
  author={Thomas, Ren{\'e}},
  journal={J. Theor. Biol.},
  volume={153},
  number={1},
  pages={1--23},
  year={1991},
  _doi = {10.1016/S0022-5193(05)80350-9},
  publisher={Elsevier}
}

@article{wang2012boolean,
  title={{Boolean} modeling in systems biology: an overview of methodology and applications},
  author={Wang, Rui-Sheng and Saadatpour, Assieh and Albert, Reka},
  journal={Phys. Biol.},
  volume={9},
  number={5},
  pages={055001},
  year={2012},
  _doi={10.1088/1478-3975/9/5/055001},
  publisher={IOP Publishing}
}

@article{singh2018computational,
  title={Computational systems biology approach for the study of rheumatoid arthritis: from a molecular map to a dynamical model},
  author={Singh, Vidisha and Ostaszewski, Marek and Kalliolias, George D and Chiocchia, Gilles and Olaso, Robert and Petit-Teixeira, Elisabeth and Helikar, Tom{\'a}{\v{s}} and Niarakis, Anna},
  journal={Genom. Comput. Biol.},
  volume={4},
  number={1},
  pages = {100050},
  year={2018},
  _doi={10.18547/gcb.2018.vol4.iss1.e100050},
  publisher={NIH Public Access}
}

@incollection{ogishima2016alzpathway,
  title={{AlzPathway}, an updated map of curated signaling pathways: towards deciphering {Alzheimerâ€™s} disease pathogenesis},
  author={Ogishima, Soichi and Mizuno, Satoshi and Kikuchi, Masataka and Miyashita, Akinori and Kuwano, Ryozo and Tanaka, Hiroshi and Nakaya, Jun},
  booktitle={Systems Biology of Alzheimer's Disease},
  pages={423--432},
  year={2016},
  _doi={10.1007/978-1-4939-2627-5_25},
  publisher={Springer}
}

@article{Didier2011,
  _doi = {10.1016/j.jtbi.2010.09.017},
  _url = {https://doi.org/10.1016/j.jtbi.2010.09.017},
  year = {2011},
  month = feb,
  publisher = {Elsevier {BV}},
  volume = {270},
  number = {1},
  pages = {177--184},
  author = {Gilles Didier and Elisabeth Remy and Claudine Chaouiya},
  title = {Mapping multivalued onto {Boolean} dynamics},
  journal = {J. Theor. Biol.}
}

@article{DBLP:journals/nc/ChatainHKPT20,
  author    = {Thomas Chatain and
               Stefan Haar and
               Juraj Kolc{\'{a}}k and
               Lo{\"{\i}}c Paulev{\'{e}} and
               Aalok Thakkar},
  title     = {Concurrency in {Boolean} networks},
  journal   = {Nat. Comput.},
  volume    = {19},
  number    = {1},
  pages     = {91--109},
  year      = {2020},
  _url       = {https://doi.org/10.1007/s11047-019-09748-4},
  _doi       = {10.1007/s11047-019-09748-4},
  timestamp = {Tue, 29 Dec 2020 18:15:22 +0100},
  biburl    = {https://dblp.org/rec/journals/nc/ChatainHKPT20.bib},
  bibsource = {dblp computer science bibliography, https://dblp.org}
}

@article{naldi2015cooperative,
  title={Cooperative development of logical modelling standards and tools with {CoLoMoTo}},
  author={Naldi, Aur{\'e}lien and Monteiro, Pedro T and M{\"u}ssel, Christoph and Consortium for Logical Models and Tools and Kestler, Hans A and Thieffry, Denis and Xenarios, Ioannis and Saez-Rodriguez, Julio and Helikar, Tomas and Chaouiya, Claudine},
  journal={Bioinform.},
  volume={31},
  number={7},
  pages={1154--1159},
  year={2015},
  _doi={10.1093/bioinformatics/btv013},
  publisher={Oxford University Press}
}

@inproceedings{oanea2010new,
  author    = {Olivia Oanea and
               Harro Wimmel and
               Karsten Wolf},
  _editor    = {Johan Lilius and
               Wojciech Penczek},
  title     = {New Algorithms for Deciding the Siphon-Trap Property},
  booktitle = {International Conference on Applications and Theory of Petri Nets},
  _series    = {Lecture Notes in Computer Science},
  _volume    = {6128},
  pages     = {267--286},
  publisher = {Springer},
  year      = {2010},
  _url       = {https://doi.org/10.1007/978-3-642-13675-7\_16},
  _doi       = {10.1007/978-3-642-13675-7\_16},
  timestamp = {Tue, 14 May 2019 10:00:45 +0200},
  biburl    = {https://dblp.org/rec/conf/apn/OaneaWW10.bib},
  bibsource = {dblp computer science bibliography, https://dblp.org}
}

@incollection{blatke2015biomodel,
  title={Biomodel engineering with {Petri} nets},
  author={Bl{\"a}tke, Mary Ann and Heiner, Monika and Marwan, Wolfgang},
  booktitle={Algebraic and Discrete Mathematical Methods for Modern Biology},
  pages={141--192},
  year={2015},
  _doi={https://doi.org/10.1016/B978-0-12-801213-0.00007-1},
  publisher={Elsevier}
}

@article{zevedei2003topological,
  author    = {Ionela Zevedei{-}Oancea and
               Stefan Schuster},
  title     = {Topological analysis of metabolic networks based on {Petri} net theory},
  journal   = {Silico Biol.},
  volume    = {3},
  number    = {3},
  pages     = {323--345},
  year      = {2003},
  _url       = {http://content.iospress.com/articles/in-silico-biology/isb00100},
  timestamp = {Thu, 20 Aug 2020 22:50:41 +0200},
  biburl    = {https://dblp.org/rec/journals/isb/Zevedei-OanceaS03.bib},
  bibsource = {dblp computer science bibliography, https://dblp.org}
}

@inproceedings{chevalier2020synthesis,
  author    = {St{\'{e}}phanie Chevalier and
               Vincent No{\"{e}}l and
               Laurence Calzone and
               Andrei Yu. Zinovyev and
               Lo{\"{\i}}c Paulev{\'{e}}},
  _editor    = {Alessandro Abate and
               Tatjana Petrov and
               Verena Wolf},
  title     = {Synthesis and Simulation of Ensembles of {Boolean} Networks for Cell
               Fate Decision},
  booktitle = {International Conference on Computational Methods in Systems Biology},
  _series    = {Lecture Notes in Computer Science},
  _volume    = {12314},
  pages     = {193--209},
  publisher = {Springer},
  year      = {2020},
  _url       = {https://doi.org/10.1007/978-3-030-60327-4\_11},
  _doi       = {10.1007/978-3-030-60327-4\_11},
  timestamp = {Thu, 14 Oct 2021 09:54:55 +0200},
  biburl    = {https://dblp.org/rec/conf/cmsb/ChevalierNCZP20.bib},
  bibsource = {dblp computer science bibliography, https://dblp.org}
}

@article{Paulev2020,
  _doi = {10.1038/s41467-020-18112-5},
  _url = {https://doi.org/10.1038/s41467-020-18112-5},
  year = {2020},
  month = aug,
  publisher = {Springer Science and Business Media {LLC}},
  volume = {11},
  number = {1},
  pages={1--7},
  author = {LoÃ¯c Paulev{\'{e}} and Juraj Kol{\v{c}}{\'{a}}k and Thomas Chatain and Stefan Haar},
  title = {Reconciling qualitative,  abstract,  and scalable modeling of biological networks},
  journal = {Nat. Commun.}
}

@inproceedings{DBLP:conf/ictai/ChevalierFPZ19,
  author    = {St{\'{e}}phanie Chevalier and
               Christine Froidevaux and
               Lo{\"{\i}}c Paulev{\'{e}} and
               Andrei Yu. Zinovyev},
  title     = {Synthesis of {Boolean} Networks from Biological Dynamical Constraints
               using Answer-Set Programming},
  booktitle = {International Conference on Tools with Artificial Intelligence},
  pages     = {34--41},
  publisher = {{IEEE}},
  year      = {2019},
  _url       = {https://doi.org/10.1109/ICTAI.2019.00014},
  _doi       = {10.1109/ICTAI.2019.00014},
  timestamp = {Thu, 14 Oct 2021 10:38:52 +0200},
  biburl    = {https://dblp.org/rec/conf/ictai/ChevalierFPZ19.bib},
  bibsource = {dblp computer science bibliography, https://dblp.org}
}

@article{DBLP:journals/tcs/NoualRS13,
  author    = {Mathilde Noual and
               Damien Regnault and
               Sylvain Sen{\'{e}}},
  title     = {About non-monotony in {Boolean} automata networks},
  journal   = {Theor. Comput. Sci.},
  volume    = {504},
  pages     = {12--25},
  year      = {2013},
  _url       = {https://doi.org/10.1016/j.tcs.2012.05.034},
  _doi       = {10.1016/j.tcs.2012.05.034},
  timestamp = {Wed, 17 Feb 2021 21:56:44 +0100},
  biburl    = {https://dblp.org/rec/journals/tcs/NoualRS13.bib},
  bibsource = {dblp computer science bibliography, https://dblp.org}
}

@article{DesignPrinciplesGeneNetworks,
  title={A meta-analysis of {Boolean} network models reveals design principles of gene regulatory networks},
  author={Kadelka, Claus and Butrie, Taras-Michael and Hilton, Evan and Kinseth, Jack and Serdarevic, Haris},
  journal={arXiv preprint arXiv:2009.01216},
  year={2020}
}

@article{YachieKinoshita2018,
  _doi = {10.15252/msb.20177952},
  _url = {https://doi.org/10.15252/msb.20177952},
  year = {2018},
  month = jan,
  publisher = {{EMBO}},
  volume = {14},
  number = {1},
  pages={e7952},
  author = {Ayako Yachie-Kinoshita and Kento Onishi and Joel Ostblom and Matthew A Langley and Eszter Posfai and Janet Rossant and Peter W Zandstra},
  title = {Modeling signaling-dependent pluripotency with {Boolean} logic to predict cell fate transitions},
  journal = {Mol. Syst. Biol.}
}

@article{Weinstein2017,
  _doi = {10.3389/fphys.2017.00960},
  _url = {https://doi.org/10.3389/fphys.2017.00960},
  year = {2017},
  month = nov,
  publisher = {Frontiers Media {SA}},
  volume = {8},
  pages={960},
  author = {Nathan Weinstein and Luis Mendoza and Isidoro Gitler and Jaime Klapp},
  title = {A Network Model to Explore the Effect of the Micro-environment on Endothelial Cell Behavior during Angiogenesis},
  journal = {Front. Physiol.}
}

@article{Sullivan2022,
  _doi = {10.1101/2022.08.29.505701},
  _url = {https://doi.org/10.1101/2022.08.29.505701},
  year = {2022},
  month = sep,
  publisher = {Cold Spring Harbor Laboratory},
  author = {Emmalee Sullivan and Marlayna Harris and Arnav Bhatnagar and Eric Guberman and Ian Zonfa and Erzs{\'{e}}bet Ravasz Regan},
  title = {Boolean modeling of mechanosensitive {Epithelial} to {Mesenchymal Transition} and its reversal},
  journal={bioRxiv}
}

@article{Lubitz2015,
  _doi = {10.1038/npjsba.2015.7},
  _url = {https://doi.org/10.1038/npjsba.2015.7},
  title={Network reconstruction and validation of the {Snf1}/{AMPK} pathway in baker's yeast based on a comprehensive literature review},
  author={Lubitz, Timo and Welkenhuysen, Niek and Shashkova, Sviatlana and Bendrioua, Loubna and Hohmann, Stefan and Klipp, Edda and Krantz, Marcus},
  journal={npj Syst. Biol. Appl.},
  volume={1},
  number={1},
  pages={1--10},
  year={2015},
  publisher={Nature Publishing Group}
}

@article{Dutta2019,
  _doi = {10.1186/s12918-019-0692-0},
  _url = {https://doi.org/10.1186/s12918-019-0692-0},
  year = {2019},
  month = apr,
  publisher = {Springer Science and Business Media {LLC}},
  volume = {13},
  number = {S2},
  pages={1--12},
  author = {Pritha Dutta and Lichun Ma and Yusuf Ali and Peter M.A. Sloot and Jie Zheng},
  title = {Boolean network modeling of {B-cell} apoptosis and insulin resistance in type 2 diabetes mellitus},
  journal = {BMC Syst. Biol.}
}

@incollection{Cacace2020,
  _doi = {10.1016/bs.ctdb.2020.02.008},
  _url = {https://doi.org/10.1016/bs.ctdb.2020.02.008},
  year = {2020},
  publisher = {Elsevier},
  pages = {205--238},
  author = {Elisabetta Cacace and Samuel Collombet and Denis Thieffry},
  title = {Logical modeling of cell fate specification{\textemdash}{Application} to {T} cell commitment},
  booktitle = {Current Topics in Developmental Biology}
}

@inproceedings{RodrguezVega2014,
  _doi = {10.1117/12.2050071},
  _url = {https://doi.org/10.1117/12.2050071},
  title={Analyzing toys models of {Arabidopsis} and {Drosphila} using {Z3} {SMT}-{LIB}},
  author={Vega, Mart{\'\i}n Rodr{\'\i}guez},
  booktitle={Independent Component Analyses, Compressive Sampling, Wavelets, Neural Net, Biosystems, and Nanoengineering XII},
  volume={9118},
  pages={240--254},
  year={2014},
  organization={SPIE}
}

@article{Rozum2021,
  year = {2021},
  _url       = {},
  _doi       = {10.1126/sciadv.abf8124},
  month = jul,
  publisher = {American Association for the Advancement of Science ({AAAS})},
  volume = {7},
  number = {29},
  pages={eabf8124},
  author = {Jordan C. Rozum and Jorge G{\'{o}}mez Tejeda Za{\~{n}}udo and Xiao Gan and D{\'{a}}vid Deritei and R{\'{e}}ka Albert},
  title = {Parity and time reversal elucidate both decision-making in empirical models and attractor scaling in critical {Boolean} networks},
  journal = {Sci. Adv.}
}

@article{ChvezHernndez2022,
  _doi = {10.3389/fpls.2022.852047},
  _url = {https://doi.org/10.3389/fpls.2022.852047},
  year = {2022},
  month = aug,
  publisher = {Frontiers Media {SA}},
  volume = {13},
  pages={852047},
  author = {Elva C. Ch{\'{a}}vez-Hern{\'{a}}ndez and Stella Quiroz and Berenice Garc{\'{\i}}a-Ponce and Elena R. {\'{A}}lvarez-Buylla},
  title = {The flowering transition pathways converge into a complex gene regulatory network that underlies the phase changes of the shoot apical meristem in {Arabidopsis} thaliana},
  journal = {Front. Plant Sci.}
}

@inproceedings{demirovic2018solution,
  title={Solution-based phase saving for {CP}: A value-selection heuristic to simulate local search behavior in complete solvers},
  author={Demirovi{\'c}, Emir and Chu, Geoffrey and Stuckey, Peter J},
  booktitle={International Conference on Principles and Practice of Constraint Programming},
  pages={99--108},
  year={2018},
  organization={Springer}
}

@inproceedings{nethercote2007minizinc,
  title={{MiniZinc}: Towards a standard {CP} modelling language},
  author={Nethercote, Nicholas and Stuckey, Peter J and Becket, Ralph and Brand, Sebastian and Duck, Gregory J and Tack, Guido},
  booktitle={International Conference on Principles and Practice of Constraint Programming},
  pages={529--543},
  year={2007},
  organization={Springer}
}

@misc{john_forrest_2022_6522795,
  author       = {John Forrest and
                  Ted Ralphs and
                  Haroldo Gambini Santos and
                  Stefan Vigerske and
                  John Forrest and
                  Lou Hafer and
                  Bjarni Kristjansson and
                  jpfasano and
                  EdwinStraver and
                  Miles Lubin and
                  rlougee and
                  jpgoncal1 and
                  Jan-Willem and
                  h-i-gassmann and
                  Samuel Brito and
                  Cristina and
                  Matthew Saltzman and
                  tosttost and
                  Bruno Pitrus and
                  Fumiaki MATSUSHIMA and
                  to-st},
  title        = {{coin-or/Cbc}: Release releases/2.10.8},
  month        = may,
  year         = 2022,
  publisher    = {Zenodo},
  version      = {releases/2.10.8},
  _doi          = {10.5281/zenodo.6522795},
  url          = {https://doi.org/10.5281/zenodo.6522795}
}

@inproceedings{DBLP:conf/bcb/TrinhHB22,
	author    = {Van{-}Giang Trinh and
	Kunihiko Hiraishi and
	Belaid Benhamou},
	title     = {Computing attractors of large-scale asynchronous {Boolean} networks
	using minimal trap spaces},
	booktitle = {{ACM} International Conference on Bioinformatics,
	Computational Biology and Health Informatics},
	pages     = {13:1--13:10},
	publisher = {{ACM}},
	year      = {2022},
	_url       = {https://doi.org/10.1145/3535508.3545520},
	_doi       = {10.1145/3535508.3545520},
	timestamp = {Mon, 01 Aug 2022 11:49:33 +0200},
	biburl    = {https://dblp.org/rec/conf/bcb/TrinhHB22.bib},
	bibsource = {dblp computer science bibliography, https://dblp.org}
}

@inproceedings{gershenson2004introduction,
	title={Introduction to random {Boolean} networks},
	author={Gershenson, Carlos},
	booktitle={Proceedings of the Ninth Int. Conf. on the Simulation and Synthesis of Living Systems (ALife IX)},
	pages={160â€“173},
	year={2004},
	_url       = {},
	_doi       = {},
	organization={MIT Press}
}

@article{Klarner2015att,
	_doi = {10.3389/fbioe.2015.00130},
	_url = {https://doi.org/10.3389/fbioe.2015.00130},
	year = {2015},
	month = sep,
	publisher = {Frontiers Media {SA}},
	volume = {3},
	pages={130},
	author = {Hannes Klarner and Heike Siebert},
	title = {Approximating Attractors of {Boolean} Networks by Iterative {CTL} Model Checking},
	journal = {Front. Bioeng. Biotechnol.}
}

@misc{schwieger2023reduction,
	title={Reduction for asynchronous {Boolean} networks: elimination of negatively autoregulated components}, 
	author={Robert Schwieger and Elisa Tonello},
	year={2023},
	eprint={2302.03108},
	archivePrefix={arXiv},
	primaryClass={cs.DM}
}

@article{DBLP:journals/tcs/NaldiRTC11,
	author       = {Aur{\'{e}}lien Naldi and
	Elisabeth Remy and
	Denis Thieffry and
	Claudine Chaouiya},
	title        = {Dynamically consistent reduction of logical regulatory graphs},
	journal      = {Theor. Comput. Sci.},
	volume       = {412},
	number       = {21},
	pages        = {2207--2218},
	year         = {2011},
	_url          = {https://doi.org/10.1016/j.tcs.2010.10.021},
	_doi          = {10.1016/j.tcs.2010.10.021},
	timestamp    = {Wed, 17 Feb 2021 22:00:36 +0100},
	biburl       = {https://dblp.org/rec/journals/tcs/NaldiRTC11.bib},
	bibsource    = {dblp computer science bibliography, https://dblp.org}
}

@article{DBLP:journals/tsmc/CordoneFP05,
	author       = {Roberto Cordone and
	Luca Ferrarini and
	Luigi Piroddi},
	title        = {Enumeration algorithms for minimal siphons in {Petri nets} based on
	place constraints},
	journal      = {{IEEE} Trans. Syst. Man Cybern. Part {A}},
	volume       = {35},
	number       = {6},
	pages        = {844--854},
	year         = {2005},
	_url          = {https://doi.org/10.1109/TSMCA.2005.853504},
	_doi          = {10.1109/TSMCA.2005.853504},
	timestamp    = {Mon, 26 Oct 2020 08:41:13 +0100},
	biburl       = {https://dblp.org/rec/journals/tsmc/CordoneFP05.bib},
	bibsource    = {dblp computer science bibliography, https://dblp.org}
}

@article{DBLP:journals/ieeejas/YouKW22,
	author       = {Dan You and
	Oussama Karoui and
	Shouguang Wang},
	title        = {Computation of Minimal Siphons in {Petri} Nets Using Problem Partitioning
	Approaches},
	journal      = {{IEEE} {CAA} J. Autom. Sinica},
	volume       = {9},
	number       = {2},
	pages        = {329--338},
	year         = {2022},
	_url          = {https://doi.org/10.1109/JAS.2021.1004326},
	_doi          = {10.1109/JAS.2021.1004326},
	timestamp    = {Wed, 10 Nov 2021 16:15:48 +0100},
	biburl       = {https://dblp.org/rec/journals/ieeejas/YouKW22.bib},
	bibsource    = {dblp computer science bibliography, https://dblp.org}
}

@article{tanimoto1996finding,
	title={Finding minimal siphons in general {Petri} nets},
	author={Tanimoto, Shinji and Yamauchi, Masahiro and Watanabe, Toshimasa},
	journal={{IEICE} Trans. Fundam. Electron. Commun. Comput. Sci.},
	volume={79},
	number={11},
	pages={1817--1824},
	year={1996},
	publisher={The Institute of Electronics, Information and Communication Engineers}
}

@misc{moon2023computational,
	title={Computational Complexity of Minimal Trap Spaces in {Boolean} Networks}, 
	author={Kyungduk Moon and Kangbok Lee and LoÃ¯c PaulevÃ©},
	year={2023},
	eprint={2212.12756},
	archivePrefix={arXiv},
	primaryClass={cs.DM}
}