@article{DBLP:journals/aicom/GebserKKOSS11,
  author    = {Martin Gebser and
               Benjamin Kaufmann and
               Roland Kaminski and
               Max Ostrowski and
               Torsten Schaub and
               Marius Schneider},
  title     = {Potassco: The {Potsdam} Answer Set Solving Collection},
  journal   = {{AI} Commun.},
  volume    = {24},
  number    = {2},
  pages     = {107--124},
  year      = {2011},
  url       = {https://doi.org/10.3233/AIC-2011-0491},
  doi       = {10.3233/AIC-2011-0491},
  timestamp = {Fri, 09 Apr 2021 18:26:42 +0200},
  biburl    = {https://dblp.org/rec/journals/aicom/GebserKKOSS11.bib},
  bibsource = {dblp computer science bibliography, https://dblp.org}
}

@article{DBLP:journals/isci/LiuB16,
  author    = {GaiYun Liu and
               Kamel Barkaoui},
  title     = {A survey of siphons in {Petri} nets},
  journal   = {Inf. Sci.},
  volume    = {363},
  pages     = {198--220},
  year      = {2016},
  url       = {https://doi.org/10.1016/j.ins.2015.08.037},
  doi       = {10.1016/j.ins.2015.08.037},
  timestamp = {Sun, 25 Jul 2021 11:38:12 +0200},
  biburl    = {https://dblp.org/rec/journals/isci/LiuB16.bib},
  bibsource = {dblp computer science bibliography, https://dblp.org}
}

@article{klarner2015computing,
  title={Computing maximal and minimal trap spaces of Boolean networks},
  author={Klarner, Hannes and Bockmayr, Alexander and Siebert, Heike},
  journal={Natural Computing},
  volume={14},
  number={4},
  pages={535--544},
  year={2015},
  publisher={Springer}
}
@article{klarner2017pyboolnet,
  title={PyBoolNet: a python package for the generation, analysis and visualization of boolean networks},
  author={Klarner, Hannes and Streck, Adam and Siebert, Heike},
  journal={Bioinformatics},
  volume={33},
  number={5},
  pages={770--772},
  year={2017},
  publisher={Oxford University Press}
}
@article{aghamiri2020automated,
  title={Automated inference of Boolean models from molecular interaction maps using CaSQ},
  author={Aghamiri, Sara Sadat and Singh, Vidisha and Naldi, Aur{\'e}lien and Helikar, Tom{\'a}{\v{s}} and Soliman, Sylvain and Niarakis, Anna},
  journal={Bioinformatics},
  volume={36},
  number={16},
  pages={4473--4482},
  year={2020},
  publisher={Oxford University Press}
}
@article{kim2013rmod,
  title={RMOD: A Tool for Regulatory Motif Detection in Signaling Network},
  author={Kim, Jinki and Yi, Gwan-Su},
  journal={PloS one},
  volume={8},
  number={7},
  pages={e68407},
  year={2013},
  publisher={Public Library of Science San Francisco, USA}
}
@article{puniya2020comprehensive,
  title={A comprehensive logic-based model of the human immune system to study the dynamics responses to mono-and coinfections},
  author={Puniya, Bhanwar Lal and Moore, Robert and Mohammed, Akram and Amin, Rada and La Fleur, Alyssa and Helikar, Tom{\'a}{\v{s}}},
  journal={bioRxiv},
  year={2020},
  publisher={Cold Spring Harbor Laboratory}
}
@article{balbas2018systems,
  title={A systems pharmacology model for inflammatory bowel disease},
  author={Balbas-Martinez, Violeta and Ruiz-Cerd{\'a}, Leire and Irurzun-Arana, Itziar and Gonz{\'a}lez-Garc{\'\i}a, Ignacio and Vermeulen, An and G{\'o}mez-Mantilla, Jos{\'e} David and Troc{\'o}niz, I{\~n}aki F},
  journal={PloS one},
  volume={13},
  number={3},
  pages={e0192949},
  year={2018},
  publisher={Public Library of Science San Francisco, CA USA}
}
@article{tsirvouli2020middle,
  title={A middle-out modeling strategy to extend a colon cancer logical model improves drug synergy predictions in epithelial-derived cancer cell lines},
  author={Tsirvouli, Eirini and Tour{\'e}, Vasundra and Niederdorfer, Barbara and V{\'a}zquez, Miguel and Flobak, {\AA}smund and Kuiper, Martin},
  journal={Frontiers in molecular biosciences},
  volume={7},
  pages={300},
  year={2020},
  publisher={Frontiers}
}
@inproceedings{chatain2014characterization,
  title={Characterization of reachable attractors using Petri net unfoldings},
  author={Chatain, Thomas and Haar, Stefan and Jezequel, Lo{\"\i}g and Paulev{\'e}, Lo{\"\i}c and Schwoon, Stefan},
  booktitle={International Conference on Computational Methods in Systems Biology},
  pages={129--142},
  year={2014},
  organization={Springer}
}
@inproceedings{cifuentes2020control,
  title={Control strategy identification via trap spaces in Boolean networks},
  author={Cifuentes Fontanals, Laura and Tonello, Elisa and Siebert, Heike},
  booktitle={International Conference on Computational Methods in Systems Biology},
  pages={159--175},
  year={2020},
  organization={Springer}
}
@article{mizera2018taming,
  title={Taming asynchrony for attractor detection in large Boolean networks},
  author={Mizera, Andrzej and Pang, Jun and Qu, Hongyang and Yuan, Qixia},
  journal={IEEE/ACM transactions on computational biology and bioinformatics},
  volume={16},
  number={1},
  pages={31--42},
  year={2018},
  publisher={IEEE}
}
@article{chaouiya2013sbml,
  title={SBML qualitative models: a model representation format and infrastructure to foster interactions between qualitative modelling formalisms and tools},
  author={Chaouiya, Claudine and B{\'e}renguier, Duncan and Keating, Sarah M and Naldi, Aur{\'e}lien and Van Iersel, Martijn P and Rodriguez, Nicolas and Dr{\"a}ger, Andreas and B{\"u}chel, Finja and Cokelaer, Thomas and Kowal, Bryan and others},
  journal={BMC systems biology},
  volume={7},
  number={1},
  pages={1--15},
  year={2013},
  publisher={BioMed Central}
}
@incollection{chaouiya2012logical,
  title={Logical modelling of gene regulatory networks with GINsim},
  author={Chaouiya, Claudine and Naldi, Aur{\'e}lien and Thieffry, Denis},
  booktitle={Bacterial Molecular Networks},
  pages={463--479},
  year={2012},
  publisher={Springer}
}
@article{mussel2010boolnet,
  title={BoolNetâ€”an R package for generation, reconstruction and analysis of Boolean networks},
  author={M{\"u}ssel, Christoph and Hopfensitz, Martin and Kestler, Hans A},
  journal={Bioinformatics},
  volume={26},
  number={10},
  pages={1378--1380},
  year={2010},
  publisher={Oxford University Press}
}
@article{chaouiya2011petri,
  title={Petri net representation of multi-valued logical regulatory graphs},
  author={Chaouiya, Claudine and Naldi, Aur{\'e}lien and Remy, Elisabeth and Thieffry, Denis},
  journal={Natural Computing},
  volume={10},
  number={2},
  pages={727--750},
  year={2011},
  publisher={Springer}
}
@inproceedings{chaouiya2004qualitative,
  title={Qualitative modelling of genetic networks: From logical regulatory graphs to standard petri nets},
  author={Chaouiya, Claudine and Remy, Elisabeth and Ruet, Paul and Thieffry, Denis},
  booktitle={International Conference on Application and Theory of Petri Nets},
  pages={137--156},
  year={2004},
  organization={Springer}
}
@inproceedings{degrand2020graphical,
  title={Graphical Conditions for Rate Independence in Chemical Reaction Networks},
  author={Degrand, Elisabeth and Fages, Fran{\c{c}}ois and Soliman, Sylvain},
  booktitle={International Conference on Computational Methods in Systems Biology},
  pages={61--78},
  year={2020},
  organization={Springer}
}
@article{angeli2011persistence,
  title={Persistence results for chemical reaction networks with time-dependent kinetics and no global conservation laws},
  author={Angeli, David and De Leenheer, Patrick and Sontag, Eduardo D},
  journal={SIAM Journal on Applied Mathematics},
  volume={71},
  number={1},
  pages={128--146},
  year={2011},
  publisher={SIAM}
}
@incollection{angeli2007petri,
  title={A Petri net approach to persistence analysis in chemical reaction networks},
  author={Angeli, David and Leenheer, Patrick De and Sontag, Eduardo},
  booktitle={Biology and Control Theory: Current Challenges},
  pages={181--216},
  year={2007},
  publisher={Springer}
}
@book{peterson1981petri,
  title={Petri net theory and the modeling of systems},
  author={Peterson, James Lyle},
  year={1981},
  publisher={Prentice Hall PTR}
}
@article{keating2020sbml,
  title={SBML Level 3: an extensible format for the exchange and reuse of biological models},
  author={Keating, Sarah M and Waltemath, Dagmar and K{\"o}nig, Matthias and Zhang, Fengkai and Dr{\"a}ger, Andreas and Chaouiya, Claudine and Bergmann, Frank T and Finney, Andrew and Gillespie, Colin S and Helikar, Tom{\'a}{\v{s}} and others},
  journal={Molecular systems biology},
  volume={16},
  number={8},
  pages={e9110},
  year={2020}
}
@article{glass1973logical,
  title={The logical analysis of continuous, non-linear biochemical control networks},
  author={Glass, Leon and Kauffman, Stuart A},
  journal={Journal of theoretical Biology},
  volume={39},
  number={1},
  pages={103--129},
  year={1973},
  publisher={Elsevier}
}
@article{thomas1973boolean,
  title={Boolean formalisation of genetic control circuits},
  author={Thomas, Ren{\'e}},
  journal={Journal of theoretical biology},
  volume={42},
  pages={565--583},
  year={1973}
}
@book{thomas1990biological,
  title={Biological feedback},
  author={Thomas, Ren{\'e} and d'Ari, Richard},
  year={1990},
  publisher={CRC press}
}
@article{nabli2016enumerating,
  title={On enumerating minimal siphons in Petri nets using CLP and SAT solvers: theoretical and practical complexity},
  author={Nabli, Faten and Martinez, Thierry and Fages, Fran{\c{c}}ois and Soliman, Sylvain},
  journal={Constraints},
  volume={21},
  number={2},
  pages={251--276},
  year={2016},
  publisher={Springer}
}
@inproceedings{reddy1993petri,
  title={Petri net representations in metabolic pathways.},
  author={Reddy, Venkatramana N and Mavrovouniotis, Michael L and Liebman, Michael N and others},
  booktitle={ISMB},
  volume={93},
  pages={328--336},
  year={1993}
}
@article{thomas1991regulatory,
  title={Regulatory networks seen as asynchronous automata: a logical description},
  author={Thomas, Ren{\'e}},
  journal={Journal of theoretical biology},
  volume={153},
  number={1},
  pages={1--23},
  year={1991},
  publisher={Elsevier}
}
@article{wang2012boolean,
  title={Boolean modeling in systems biology: an overview of methodology and applications},
  author={Wang, Rui-Sheng and Saadatpour, Assieh and Albert, Reka},
  journal={Physical biology},
  volume={9},
  number={5},
  pages={055001},
  year={2012},
  publisher={IOP Publishing}
}
